@inproceedings{vaswani2017attention,
  title     = {Attention Is All You Need},
  author    = {Vaswani, Ashish and Shazeer, Noam and Parmar, Niki and Uszkoreit, Jakob and Jones, Llion and Gomez, Aidan N and Kaiser, Lukasz and Polosukhin, Illia},
  booktitle = {Advances in Neural Information Processing Systems},
  year      = {2017},
  volume    = {30},
  publisher = {Curran Associates, Inc.}
}

@article{devlin2018bert,
  title={BERT: Pre-training of Deep Bidirectional Transformers for Language Understanding},
  author={Devlin, Jacob and Chang, Ming-Wei and Lee, Kenton and Toutanova, Kristina},
  journal={arXiv preprint arXiv:1810.04805},
  year={2018}
}

@article{gao2021simcse,
  title={SimCSE: Simple Contrastive Learning of Sentence Embeddings},
  author={Gao, Tianyu and Yao, Xingcheng and Chen, Danqi},
  journal={arXiv preprint arXiv:2104.08821},
  year={2021}
}

@article{sun2019fine,
  title={How to Fine-Tune BERT for Text Classification?},
  author={Sun, Chi and Qiu, Xipeng and Xu, Yige and Huang, Xuanjing},
  journal={arXiv preprint arXiv:1905.05583},
  year={2019}
}

@article{reimers2019sentence,
  title={Sentence-BERT: Sentence Embeddings using Siamese BERT-Networks},
  author={Reimers, Nils and Gurevych, Iryna},
  journal={arXiv preprint arXiv:1908.10084},
  year={2019}
}

@article{jiang2019smart,
  title={SMART: Robust and Efficient Fine-Tuning for Pre-trained Natural Language Models through Principled Regularized Optimization},
  author={Jiang, Haoming and He, Di and Chen, Aniruddha and Wang, Qipeng Guo and Song, Ming and Zemel, Richard},
  journal={arXiv preprint arXiv:1911.03437},
  year={2019}
}

@inproceedings{mikolov2013efficient,
  title={Efficient Estimation of Word Representations in Vector Space},
  author={Mikolov, Tomas and Chen, Kai and Corrado, Greg and Dean, Jeffrey},
  booktitle={International Conference on Learning Representations (ICLR)},
  year={2013}
}

@inproceedings{pennington2014glove,
  title={GloVe: Global Vectors for Word Representation},
  author={Pennington, Jeffrey and Socher, Richard and Manning, Christopher},
  booktitle={Proceedings of the 2014 Conference on Empirical Methods in Natural Language Processing (EMNLP)},
  pages={1532--1543},
  year={2014}
}

@inproceedings{rajpurkar2016squad,
  title={SQuAD: 100,000+ Questions for Machine Comprehension of Text},
  author={Rajpurkar, Pranav and Zhang, Jian and Lopyrev, Konstantin and Liang, Percy},
  booktitle={Proceedings of the 2016 Conference on Empirical Methods in Natural Language Processing (EMNLP)},
  pages={2383--2392},
  year={2016}
}

@misc{paperswithcode,
  author = {{Papers with Code}},
  title = {Papers with Code},
  year = {2024},
  url = {https://www.paperswithcode.com},
  note = {Accessed: 2025-05-12}
}

@misc{cs224n2024,
  author       = {{Stanford University}},
  title        = {{CS224n: Natural Language Processing with Deep Learning}},
  year         = {2024},
  url          = {https://web.stanford.edu/class/archive/cs/cs224n/cs224n.1246/},
  note         = {Accessed: 2025-05-29}
}

@misc{amahankali2024,
  author       = {Mahankali, Akhil and others},
  title        = {CS224N Spring 2024 DFP Student Handout},
  year         = {2024},
  howpublished = {\url{https://github.com/amahankali10/CS224N-Spring2024-DFP-Student-Handout}},
  note         = {GitHub repository, accessed: 2025-05-29}
}



